@STRING{BMJ = {British Medical Journal}}
@STRING{PSCI = {Psychological Science}}
@STRING{PSPB = {Personality and Social Psychology Bulletin}}
@STRING{JAMA = {Journal of the American Medical Association}}

@article{Aungle2023,
  title     = {Physical healing as a function of perceived time},
  author    = {Aungle, P. and Langer, E.},
  journal   = {Scientific Reports},
  volume    = {13},
  number    = {1},
  pages     = {22432},
  year      = {2023},
  doi       = {10.1038/s41598-023-50009-3},
  publisher = {Nature Publishing Group UK London}
}

@article{Baayen2008,
  title     = {Mixed-effects modeling with crossed random effects for subjects and items},
  author    = {Baayen, R. H. and Davidson, D. J. and Bates, D. M.},
  journal   = {Journal of memory and language},
  volume    = {59},
  number    = {4},
  pages     = {390--412},
  year      = {2008},
  doi       = {10.1016/j.jml.2007.12.005},
  publisher = {Elsevier}
}

@misc{Bates2010lme4,
  title     = {{lme4}: Mixed-effects modeling with {R} (book draft)},
  author    = {Bates, D.},
  year      = {2010},
  url       = {https://lme4.r-forge.r-project.org/}
}

@article{Bates2015,
  title     = {Fitting Linear Mixed-Effects Models Using lme4},
  volume    = {67},
  url       = {https://CRAN.R-project.org/package=lme4/vignettes/lmer.pdf},
  doi       = {10.18637/jss.v067.i01},
  number    = {1},
  journal   = {Journal of Statistical Software},
  author    = {Bates, D. and M\"achler, M. and Bolker, B. and Walker, S.},
  year      = {2015},
  pages     = {1--48}
}

@article{Box76,
  author  = {Box, G. E. P.},
  title   = {Science and statistics},
  journal = {Journal of the American Statistical Association},
  year    = 1976,
  volume  = 71,
  number  = 356,
  pages   = {791--799},
  doi     = {10.1080/01621459.1976.10480949}
}

@article{Brandtetal2014,
author      = {Brandt, M. and Ijzerman, H. and Dijksterhuis, A. and Farach, F. and Geller, J. and Giner-Sorolla, R. and Grange, J. and Perugini, M. and R. Spies, J. and van't~Veer, A. E.},
year        = {2014},
month       = {01},
pages       = {217--224},
title       = {The Replication Recipe: What Makes for a Convincing Replication?},
volume      = {50},
journal     = {Journal of Experimental Social Psychology},
doi         = {10.1016/j.jesp.2013.10.005}
}

@article{CarusoGilbert08,
  author = {Caruso, E. M. and Gilbert, D. T. and Wilson, T. D.},
  title = {A wrinkle in time: {A}symmetric valuation of past and future
    events},
  journal = PSCI,
  year = 2008,
  volume = 19,
  number = 8,
  pages = {796--801},
  doi = {10.1111/j.1467-9280.2008.02159.x}
}

@article{CostaFoucart14,
  author  = {Costa, A. and Foucart, A. and Arnon, I. and Aparici, M. and Apesteguia, J.},
  title   = {``{P}iensa'' twice: On the foreign language effect in decision making},
  journal = {Cognition},
  year    = 2014,
  volume  = 130,
  pages   = {236--254},
  doi     = {10.1016/j.cognition.2013.11.010}
}

@article{DavisGottlieb98,
  author  = {Davis, D. L. and Gottlieb, M. B. and Stampnitzky, J. R.},
  title   = {Reduced ratio of male to female births in several industrial countries: {A} sentinel health indicator?},
  journal = JAMA,
  year    = 1998,
  volume  = 279,
  number  = 13,
  pages   = {1018--1023},
  doi     = {10.1001/jama.279.13.1018} }
}

@book{Fox2008,
  author    = {Fox, J.},
  title     = {Applied regression analysis and generalized linear models},
  year      = {2008},
  address   = {Thousand Oaks},
  publisher = {Sage Publications} }

@article{GelmanCarlin14,
  author  = {Gelman, A. and Carlin, J.},
  title   = {Beyond power calculations: {A}ssessing type {S} (sign) and type {M} (magnitude) errors},
  journal = {Perspectives on Psychological Science},
  year    = {2014},
  volume  = {9},
  number  = {6},
  pages   = {641--651},
  doi     = {10.1177/1745691614551642}
}

@misc{Gelman20,
  author  = {Gelman, A.},
  title   = {An odds ratio of 30, which they (sensibly) don't believe},
  year    = 2020,
  month   = {October 22},
  url     = {https://statmodeling.stat.columbia.edu/2020/10/22/an-odds-ratio-of-30-which-they-sensibly-dont-believe/}
}

@article{GelmanWeakliem09,
  author  = {Gelman, A. and Weakliem, D.},
  title   = {Of beauty, sex and power: Too little attention has been paid to the statistical challenges in estimating small effects},
  journal = {American Scientist},
  year    = 2009,
  volume  = 97,
  number  = 4,
  pages   = {310--316},
  doi     = {10.1511/2009.79.310}
}

@misc{Harrell20,
  author  = {Harrell, F.},
  title   = {Statistical problems to document and to avoid},
  year    = 2020,
  month   = {June 20},
  url     = {https://discourse.datamethods.org/t/author-checklist/}
}

@book{Hosmer2000,
  title     = {Applied logistic regression. Second edition},
  author    = {Hosmer, D. and Lemeshow, S.},
  year      = {2000},
  publisher = {Wiley New York}
}

@article{JacowitzKahneman95,
  author = {Jacowitz, K. E. and Kahneman, D.},
  title = {Measures of anchoring in estimation tasks},
  journal = PSPB,
  year = 1995,
  volume = 21,
  number = 11,
  pages = {1161--1166},
  doi = {10.1177/01461672952111004}
}

@article{Kanazawa07,
  title   = {Beautiful parents have more daughters: {A} further implication of the generalized {T}rivers--{W}illard hypothesis (g{TWH})},
  author  = {Kanazawa, S.},
  journal = {Journal of Theoretical Biology},
  volume  = {244},
  number  = {1},
  pages   = {133--140},
  year    = {2007},
  doi     = {10.1016/j.jtbi.2006.07.017}
}

@article{KleinhenzStreitberger99,
  title     = {Randomised clinical trial comparing the effects of acupuncture and a newly designed placebo needle in rotator cuff tendinitis},
  author    = {Kleinhenz, J. and Streitberger, K. and Windeler, J. and G{\"u}{\ss}bacher, A. and Mavridis, G. and Martin, E.},
  journal   = {Pain},
  volume    = {83},
  number    = {2},
  pages     = {235--241},
  year      = {1999},
  publisher = {Elsevier}
}

@article{MathewsHamilton05,
  author  = {Mathews, T. J. and Hamilton, B. E.},
  title   = {Trend analysis of the sex ratio at birth in the {U}nited {S}tates},
  journal = {National Vital Statistics Reports},
  year    = 2005,
  volume  = 53,
  number  = 20,
  pages   = {1--20} }
}

@article{McElroySeta03,
  author  = {McElroy, T. and Seta, J. J.},
  title   = {Framing effects: {A}n analytic--holistic perspective},
  journal = {Journal of Experimental Social Psychology},
  year    = {2003},
  volume  = {39},
  number  = {6},
  pages   = {610--617},
  doi     = {10.1016/S0022-1031(03)00036-2}
}

@article{McElroySeta04,
  author  = {McElroy, T. and Seta, J. J.},
  title   = {On the other hand am {I} rational? {H}emispheric activation and the framing effect},
  journal = {Brain and Cognition},
  year    = 2004,
  volume  = 55,
  number  = 3,
  pages   = {572--580},
  doi     = {10.1016/j.bandc.2004.04.002}
}

@article{Moeller2008,
  title   = {Short-term treatment with risperidone or haloperidol in first-episode schizophrenia: 8-week results of a randomized controlled trial within the German Research Network on Schizophrenia},
  author  = {M{\"o}ller, H.-J. and Riedel, M. and J{\"a}ger, M. and Wickelmaier, F. and Maier, W. and K{\"u}hn, K.-U. and Buchkremer, G. and Heuser, I. and Klosterk{\"o}tter, J. and Gastpar, M. and others},
  journal = {International Journal of Neuropsychopharmacology},
  volume  = {11},
  number  = {7},
  pages   = {985--997},
  year    = {2008},
  doi     = {10.1017/S1461145708008791}
}

@book{Navarro2013,
  title     = {Learning statistics with {R}},
  author    = {Navarro, D.},
  year      = {2013},
  url       = {https://learningstatisticswithr.com/book/},
  publisher = {Lulu. com}
}

@article{NeymanPearson33,
  author  = {Neyman, J. and Pearson, E. S.},
  title   = {On the problem of the most efficient tests of statistical hypotheses},
  journal = {Philosophical Transactions of the Royal Society of London, Series A},
  year    = 1933,
  volume  = 231,
  number  = {694--706},
  pages   = {289--337}
}

@article{ReisbyGram77,
  author    = {Reisby, N. and Gram, L. F. and Bech, P. and Nagy, A. and Petersen, G. O. and Ortmann, J. and Ibsen, I. and Dencker, S. J. and Jacobsen, O. and Krautwald, O. and Sondergaard, I. and Christiansen, J.},
  title     = {Imipramine: Clinical effects and pharmacokinetic variability},
  journal   = {Psychopharmacology},
  year      = {1977},
  volume    = {54},
  pages     = {263--272},
  doi       = {10.1007/BF00426574}
}

@misc{RoeselerWeber22,
  author = {R\"oseler, L. and Weber, L. and Helgerth, K. A. C. and Stich, E. and G\"unther, M. and Tegethoff, P. and Wagner, F. S. and Ambrus, E. and Antunovic, M. and Barrera, F. and Halali, E. and Ioannidis, K. and Milstein, N. and Molden, D. C. and Papenmeier, F. and Rinn, R. and Schreiter, M. L. and Zimdahl, M. and Bahn\'ik, S. and Baumeister, R. F. and Bermeitinger, C. and Bickenbach, S. L. C. and Blank, P. A. and Blower, F. B. N. and B\"ogler, H. L. and Boo, F. L. and Boruchowicz, C. and B\"uhler, R. L. and Burgmer, P. and Cheek, N., N. and Dohle, S. and Dorsch, L. and D\"uck, M. S. and Fels, S.-A. and Fischer, A. L. and Frech, M.-L. and Freira, L., Friedinge, K. and Genschow, O. and Harris, A. and H\"ausser, J. A. and Hedgebeth, M. and Henkel, M. and Horvath, D. and H\"ugel, J. C. and Igna, E. L. E. and Imhoff, R. and Intelmann, P. and Karg, A. H. and Klamar, A. and Klein, C. and Klusmann, B. and Knappe, E. and K\"oppel, L.-M. and Ko{\ss}mann, L. and Kraft, P. and Kroworsch, M. K. and Krueger, S. M. and K\"uhling, S. and Lagator, S. and Lammers, J. and Loschelder, D. D. and Navajas, J. and Norem, J., K. and Novak, J. and Onuki, Y. and Page, E. and Panse, F. and Pavlovic, Z. and Rebholz, T. R. and Rodgers, S. and R\"oseler, J. J. and Ro{\ss}maier, K. V. and Sartorio, M. and Scheelje, L. and Schindler, S. and Schreiner, N. B. and Seida, C. and Shanks, D. R. and Siems, M.-C. and Stitz, M. and Starkulla, M. and St\"aglich, M. and Thies, K. and Thum, E. and Undorf, M. and Unger, B. D. and Urlichich, D. and Vadillo, M. A. and Wackershauser-Sablotny, V. and Wessel, I. and Wolf, H. and Zhou, A. and Sch\"utz, A.},
  title = {{OpAQ}: Open Anchoring Quest, Version 1.1.50.97},
  year = 2022,
  doi = {10.17605/OSF.IO/YGNVB}
}

@book{Sarkar08,
  author    = {Sarkar, D.},
  title     = {Lattice: {M}ultivariate data visualization with {R}},
  year      = 2008,
  address   = {New York},
  publisher = {Springer},
  url       = {https://lmdvr.r-forge.r-project.org/}
}

@article{TverskyKahneman81,
  author  = {Tversky, A. and Kahneman, D.},
  title   = {The framing of decisions and the psychology of choice},
  journal = {Science},
  year    = 1981,
  volume  = 211,
  doi     = {10.1126/science.7455683},
  pages   = {453--458}
}

@article{vantVeer2016,
  title   = {Pre-registration in social psychology--{A} discussion and suggested template},
  author  = {van't Veer, A. E. and Giner-Sorolla, R.},
  journal = {Journal of Experimental Social Psychology},
  volume  = {67},
  pages   = {2--12},
  year    = {2016}
}

@article{VasishthGelman21,
  author  = {Vasishth, S. and Gelman, A.},
  title   = {How to embrace variation and accept uncertainty in linguistic and psycholinguistic data analysis},
  journal = {Linguistics},
  year    = 2021,
  volume  = 59,
  number  = 5,
  pages   = {1311--1342},
  doi     = {10.1515/ling-2019-0051}
}


@article{VickersAltman01,
  title     = {Analysing controlled trials with baseline and follow up measurements},
  author    = {Vickers, A. J. and Altman, D. G.},
  journal   = {BMJ},
  volume    = {323},
  number    = {7321},
  pages     = {1123--1124},
  year      = {2001},
  publisher = {British Medical Journal Publishing Group},
  doi       = {10.1136/bmj.323.7321.1123}
}

@article{VranceanuHageman15,
  title     = {A preliminary {RCT} of a mind body skills based intervention addressing mood and coping strategies in patients with acute orthopaedic trauma},
  author    = {Vranceanu, A.-M. and Hageman, M. and Strooker, J. and ter Meulen, D. and Vrahas, M. and Ring, D.},
  journal   = {Injury},
  volume    = {46},
  number    = {4},
  pages     = {552--557},
  year      = {2015},
  publisher = {Elsevier},
  doi       = {10.1016/j.injury.2014.11.001},
  url       = {https://www.injuryjournal.com/article/S0020-1383(14)00553-1/fulltext}
}

@article{Wickelmaier15,
  author  = {Wickelmaier, F.},
  title   = {On not testing the foreign-language effect: {A} comment on {C}osta, {F}oucart, {A}rnon, {A}parici, and {A}pesteguia (2014)},
  journal = {ArXiv},
  year    = 2015,
  doi     = {10.48550/arXiv.1506.07727}
}

@article{Wickelmaier22,
  author  = {Wickelmaier, F.},
  title   = {Simulating the power of statistical tests: A collection of {R} examples},
  journal = {ArXiv},
  year    = 2022,
  doi     = {10.48550/arXiv.2110.09836}
}

@book{Wickham2016,
  author    = {Wickham, H., and Grolemund, G.},
  year      = {2016},
  title     = {R for data science: import, tidy, transform, visualize, and model data (First edition)},
  publisher = {O'Reilly},
  url       = {http://r4ds.had.co.nz/}
}

@book{Wickham2019first,
  author    = {Wickham, H.},
  year      = {2019},
  title     = {Advanced {R}},
  edition   = {First edition},
  publisher = {CRC press},
  url       = {http://adv-r.had.co.nz/}
}

@book{Wickham2019,
  author    = {Wickham, H.},
  year      = {2019},
  title     = {Advanced {R}},
  edition   = {Second edition},
  publisher = {CRC press},
  url       = {https://adv-r.hadley.nz/}
}

@book{Xie2018,
  title     = {{R Markdown}: {T}he definitive guide},
  author    = {Xie, Y. and Allaire, J. J. and Grolemund, G.},
  year      = {2018},
  url       = {https://bookdown.org/yihui/rmarkdown/},
  publisher = {Chapman and Hall/CRC}
}
